@article{dana2010integral,
  title={Integral presentations of Catalan numbers},
  author={Dana-Picard, Thierry},
  journal={International Journal of Mathematical Education in Science and Technology},
  volume={41},
  number={1},
  pages={63--69},
  year={2010},
  publisher={Taylor \& Francis}, URL={http://www.tandfonline.com/doi/pdf/10.1080/00207390902971973}
}


@InCollection{Tavares2014,
  Title                    = {Sensor Kinect in a telepresence application},
  Author                   = {A. D. F. Martins and J. M. A. Lourenço and T. R. Patrício and A. R. Alexandria},
  Booktitle                = {Computational Vision and Medical Image Processing {IV}},
  Publisher                = {CRC Press},
  Year                     = {2014},

  Address                  = {Porto},
  Editor                   = {João Manuel R. S. Tavares and A. M. Natal Jorge}
}

@Electronic{Reis2012,
  Title                    = {Seja um fracassado: Gustavo Reis no TEDxUnisinos 2012},
  Author                   = {G. Reis},
  Url                      = {http://www.youtube.com/watch?v=ziQIxBjnYDQ&feature=player_embedded},
  Year                     = {2012},

  Urlaccessdate            = {24 jul. 2013}
}


@MastersThesis{Hsia2006,
  Title                    = {A utilização do livro didático por parte do aluno ao estudar integral},
  Author                   = {Yuk Wah Hsia},
  School                   = {Pontifícia Universidade de São Paulo},
  Year                     = {2006},
  Address                  = {São Paulo},
  Note                     = {87f.},
  Type                     = {mestrado em Educação Matemática},
  Url                      = {http://www.sapientia.pucsp.br/tde_arquivos/3/TDE-2007-05-08T09:50:22Z-3063/Publico/EDM%20-%20Yuk%20Wah%20Hsia.pdf}
}

@InProceedings{santos2011,
  author =    {Santos, Maria José Costa},
  title =     {Olhares na educação científica e matemática: holístico, interdisciplinar, aprendizagem significativa e \textit{m-learning}},
  editor={Santana, José Rogério},
  booktitle = {Inovações, Cibercultura e Educação},
  year =      {2011},
  pages =     {253-282},
  address =   {Fortaleza},
  publisher = {Edições Ufc}
}

@article{Alexandria2014,
title = "pSnakes: A new radial active contour model and its application in the segmentation of the left ventricle from echocardiographic images",
journal = "Computer Methods and Programs in Biomedicine",
volume = "116",
number = "3",
pages = "260 - 273",
year = "2014",
note = "",
issn = "0169-2607",
doi = "http://dx.doi.org/10.1016/j.cmpb.2014.05.009",
url = "http://www.sciencedirect.com/science/article/pii/S0169260714002077",
author = "Auzuir Ripardo de Alexandria and Paulo C{\'e}sar Cortez and Jessyca Almeida Bessa and John Hebert da Silva F{\'e}lix and José Sebasti{\~a}o de Abreu and Victor Hugo C. de Albuquerque",
keywords = "Radial active contour methods",
keywords = "pSnakes",
keywords = "Echocardiogram image segmentation",
keywords = "Hilbertian energy"
}

@book{Dorigo2008,
address = {Berlin, Heidelberg},
doi = {10.1007/978-3-540-87527-7},
editor = {Dorigo, Marco and Birattari, Mauro and Blum, Christian and Clerc, Maurice and St{\"{u}}tzle, Thomas and Winfield, Alan F. T.},
isbn = {978-3-540-87526-0},
issn = {0302-9743},
mendeley-groups = {Mestrado/Estudos Especiais/Review Swarm Robots},
publisher = {Springer Berlin Heidelberg},
series = {Lecture Notes in Computer Science},
title = {{Ant Colony Optimization and Swarm Intelligence}},
url = {http://www.springerlink.com/index/10.1007/978-3-540-87527-7},
volume = {5217},
year = {2008}
}

@phdthesis{elfes1989occupancy,
  title={Occupancy grids: a probabilistic framework for robot perception and navigation},
  author={Elfes, Alberto},
  year={1989},
  school={Carnegie Mellon University}
}

@INPROCEEDINGS{Garrote2017, 
author={L. Garrote and J. Rosa and J. Paulo and C. Premebida and P. Peixoto and U. J. Nunes}, 
booktitle={2017 IEEE International Conference on Autonomous Robot Systems and Competitions (ICARSC)}, 
title={3D point cloud downsampling for 2D indoor scene modelling in mobile robotics}, 
year={2017}, 
pages={228-233}, 
keywords={Computational modeling;Mobile communication;Robot sensing systems;Solid modeling;Three-dimensional displays;Two dimensional displays}, 
doi={10.1109/ICARSC.2017.7964080}, 
month={April}}