@string{aw = "Addison-Wesley"}

@book{texbook,
    author = {Knuth, Donald Erwin},
    title = {The {\TeX}book},
    publisher = aw,
    year = 1986,
    isbn = {0-201-13447-0}
}

@book{companion,
    author = {Goossens, Michel and Mittelbach, Frank},
    title = {The {\LaTeX} Companion},
    year = 2004,
    edition = {Second},
    publisher = aw,
    isbn = {0-201-36299-6}
}

@book{chicago,
    title = {The Chicago Manual of Style},
    edition = {15th},
    year = 2003,
    publisher = {The University of Chicago Press},
    isbn = {0-226-10403-6}
}

@book{bringhurst,
    author = {Robert Bringhurst},
    title = {The Elements of Typographic Style},
    edition = {3.1},
    year = 2004,
    publisher = {Hartley \& Marks},
    isbn = {0-88179-205-5}
}

@book{designingbooks,
    author = {Hochilu, Jost and Kinross, Robin},
    title = {Designing books: practice and theory},
    year = 1996,
    publisher = {Hyphen Press},
    isbn = {0-907259-08-1}
}

@book{tufte,
	author = {Edward R. Tufte},
	title = {The Visual Display of Quantitative Information},
	edition = {2nd},
	publisher = {Graphics Press},
	year = 2001
}

@article{JOT:issue_2010_09/editorial,
  author = {Oscar Nierstrasz},
  title = {Ten Things {I} Hate About Object-Oriented Programming},
  journal = {Journal of Object Technology},
  volume = {9},
  number = {5},
  issn = {1660-1769},
  year = {2010},
  month = sep,
  doi = {10.5381/jot.2010.9.5.e1}
}
