@Book{Brasil2002,
  Title                    = {Ministério da Educação. Parâmetros curriculares nacionais do ensino médio: matemática},
  Author                   = {{BRASIL}},
  Publisher                = {Secretaria de Educação Fundamental, MEC/SEMTEC},
  Year                     = {2002},

  Address                  = {Brasília}
}

@Misc{BrasilEAD2005,
  Title                    = {Decreto nº 5622, 19 de dezembro de 2005. Regulamenta o art. 80 da Lei no 9.394, de 20 de dezembro de 1996, que estabelece as diretrizes e bases da educação nacional. Diário Oficial da República Federativa do Brasil, Poder Executivo, Brasília},

  Author                   = {BRASIL},
  Month                    = {dez.},
  Note                     = {Seção 1, p. 1},
  Year                     = {2005}
}

@article{dana2010integral,
  title={Integral presentations of Catalan numbers},
  author={Dana-Picard, Thierry},
  journal={International Journal of Mathematical Education in Science and Technology},
  volume={41},
  number={1},
  pages={63--69},
  year={2010},
  publisher={Taylor \& Francis}, URL={http://www.tandfonline.com/doi/pdf/10.1080/00207390902971973}
}


@Conference{Gonzalez2005,
  Title                    = {The use of technology and mathematical results in parallel a case with improper integration},
  Author                   = {Gonz{\'a}lez-Mart{\'\i}n, Alejandro S},
  Booktitle                = {Proceeedings of International Comission of Studyand Improvment of Mathematics Teaching - {CIEAEM}/57},
  Year                     = {2005b},

  Address                  = {Itália},
  Pages                    = {165 – 169},

  Url                      = {http://math.unipa.it/~grim/cieaem/cieaem57_gonzales_martin.pdf}
}

@PhdThesis{Tome2011,
  Title                    = {Integral definida, cálculo mental y nuevas tecnologias},
  Author                   = {Mário T. Tom{\'e}},
  School                   = {Universidad de Valladolid},
  Year                     = {2011},
  Address                  = {Valladolid},
  Note                     = {1114f.},
  Url                      = {http://www.tesisenred.net/handle/10803/80932}
}


@InCollection{Medeiros2005,
  Title                    = {Por uma Educação Matemática como intersubjetividade},
  Author                   = {C. Medeiros},
  Booktitle                = {Educação Matemática},
  Publisher                = {Centauro},
  Year                     = {2005},

  Address                  = {São Paulo},
  Editor                   = {M. A. Bicudo}
}

@Electronic{Reis2012,
  Title                    = {Seja um fracassado: Gustavo Reis no TEDxUnisinos 2012},
  Author                   = {G. Reis},
  Url                      = {http://www.youtube.com/watch?v=ziQIxBjnYDQ&feature=player_embedded},
  Year                     = {2012},

  Urlaccessdate            = {24 jul. 2013}
}

@Book{Lima2004,
  Title                    = {Estágio e docência},
  Author                   = {Lima, Maria Socorro Lucena and Pimenta, Selma Garrido},
  Publisher                = {Cortez},
  Year                     = {2004},

  Address                  = {São Paulo}
}


@MastersThesis{Hsia2006,
  Title                    = {A utilização do livro didático por parte do aluno ao estudar integral},
  Author                   = {Yuk Wah Hsia},
  School                   = {Pontifícia Universidade de São Paulo},
  Year                     = {2006},
  Address                  = {São Paulo},
  Note                     = {87f.},
  Type                     = {mestrado em Educação Matemática},
  Url                      = {http://www.sapientia.pucsp.br/tde_arquivos/3/TDE-2007-05-08T09:50:22Z-3063/Publico/EDM%20-%20Yuk%20Wah%20Hsia.pdf}
}

@InProceedings{santos2011,
  author =    {Santos, Maria José Costa},
  title =     {Olhares na educação científica e matemática: holístico, interdisciplinar, aprendizagem significativa e \textit{m-learning}},
  editor={Santana, José Rogério},
  booktitle = {Inovações, Cibercultura e Educação},
  year =      {2011},
  pages =     {253-282},
  address =   {Fortaleza},
  publisher = {Edições Ufc}
}

